
@article{aprsuperior,
  title={Aprendizaje, competencias y rendimiento en Educaci{\'o}n Superior},
  author={Fuensanta, Pina and Mart{\'\i}nez, Pilar and Da Fonseca, Pedro and Rubio, Marta},
  journal={Editorial La Muralla, Madrid},
  year={2005}
}

@article{saez2014experiencia,
  title={Una experiencia de flipped classroom},
  author={S{\'a}ez Pizarro, Beatriz and Ros Vi{\~n}egla, Mar{\'\i}a Piedad and others},
  year={2014},
  publisher={Universidad Europea de Madrid}
}

@article{diaz2013potencial,
  title={El potencial de la gamificaci{\'o}n aplicado al {\'a}mbito educativo},
  author={D{\'\i}az Cruzado, Jes{\'u}s and Troyano Rodr{\'\i}guez, Yolanda},
  journal={En: II jornadas de innovaci{\'o}n docente de la facultad deficiencias de la educaci{\'o}n. Sevilla: Facultad de Ciencias de la Educaci{\'o}n (Universidad de Sevilla)},
  pages={1-9},
  year={2013}
}

@Book{gamificacion,
  author = {Celestino Arteta},
  title = {{Gamificación del aprendizaje: una tendencia educativa}},
  year = {2014},
  url = {http://blog.tiching.com/gamificacion-del-aprendizaje-una-tendencia-educativa/},
  urldate = {o 19 de maio de 2016},
}

@Book{gamificacion2,
  author = {López, José Carlos},
  title = {Aprendizaje informal y gamificación, elementos indispensables en la educación que nos viene},
  year = {2013},
  url = {http://scopeo.usal.es/aprendizaje-informal-y-gamificacion-elementos-indispensables-en-la-educacion-que-nos-viene/},
  urldate = {o 19 de maio de 2016},
}

@Book{residentesdigitales,
  author = {White, David S. and Le Cornu, Alison},
  title = {Visitantes y Residentes: Una Nueva tipología para el “enganche online”},
  year = {2012},
  originalyear={2011},
  url = {http://sam1meta.tumblr.com/post/32245943715/visitantes-y-residentes-una-nueva-tipolog\%C3\%ADa-para},
  urldate = {o 19 de maio de 2016},
  translator = {Villegas, Samuel}
}

@book{moreiro2010materiales,
  title={Materiales y recursos did{\'a}cticos en contextos comunitarios},
  author={Moreiro, Manuel Area and Rodr{\'\i}guez, Jes{\'u}s and Jos{\'e}, Mar{\'\i}a and Id{\'a}{\~n}ez, Aguilar},
  volume={12},
  year={2010},
  publisher={Gra{\'o}}
}

@article{gonzalez1989fotografia,
  title={Fotograf{\'\i}a y matem{\'a}ticas},
  author={Gonz{\'a}lez, Evaristo},
  journal={Suma I, Federaci{\'o}n Nacional de Ed. Matem{\'a}tica},
  pages={44--46},
  year={1989},
  url={http://revistasuma.es/IMG/pdf/2/044-046.pdf},
  urldate = {o 19 de maio de 2016}
}

@Book{secdidac,
  author = {Tobón, Sergio and Pimienta, Julio Herminio and García, Juan Antonio},
  title = {Secuencias Didácticas: Aprendizaje y Evaluación de Competencias},
  year = {2010},
  address = {Mexico},
  publisher = {Pearson Education}
 }

@incollection{adolescenciacoll,
	author	= {Palacios, Jesús and Oliva, Alfredo},
	title	= {La adolescencia y su significado evolutivo},
	booktitle= {Desarrollo psicol{\'o}gico y educaci{\'o}n: 1. {P}sicología evolutiva},
	publisher= {Alianza Editorial},
	pages	= {433-452},
	address= {Madrid},
	year	= {1990},
}

@incollection{personalidadcoll,
	author	= {Oliva, Alfredo},
	title	= {Desarrollo de la personalidad durante la adolescencia},
	booktitle= {Desarrollo psicol{\'o}gico y educaci{\'o}n: 1. {P}sicología evolutiva},
	publisher= {Alianza Editorial},
	pages	= {471-491},
	address= {Madrid},
	year	= {1990},
}

@incollection{cognitivocoll,
	author	= {Carretero, Mario and  León, José Antonio},
	title	= {Del pensamiento formal al cambio conceptual en la adolescencia},
	booktitle= {Desarrollo psicol{\'o}gico y educaci{\'o}n: 1. {P}sicología evolutiva},
	publisher= {Alianza Editorial},
	pages	= {453-469},
	address= {Madrid},
	year	= {1990},
}

@book{piaget1997psicologia,
  title={Psicolog{\'\i}a del ni{\~n}o},
  author={Piaget, Jean and Inhelder, B{\"a}rbel},
  year={1997},
  publisher={Ediciones Morata}
}

@book{shaffer2000psicologia,
  title={Psicolog{\'\i}a del desarrollo: infancia y adolescencia},
  author={Shaffer, David R and Kipp, Katherine},
  year={2007},
  publisher={Cegage Learning}
}

@article{delvalleud,
    title={Elementos esenciales que componen la programación y la unidad didáctica en {E}ducación {F}ísica. {E}nfoque relacional globalizador},
    author={Del Valle, Sagrario and Garc{\'i}a, Jes{\'u}s and De la Vega, Ricardo},
    year={2007},
    journal={{EFDeportes.com Revista Digital}},
    address={Buenos Aires},
    number={114},
    url={http://www.efdeportes.com/efd114/elementos-esenciales-que-componen-la-programacion-en-educacion-fisica.htm},
    urldate={o 19 de maio de 2016}
}


@book{unedpsicoedu,
  title={Psicolog{\'\i}a de la educaci{\'o}n},
  author={Sampascual, Gonzalo},
  year={2007},
  address={Madrid},
  publisher={UNED}
}

@article{ertmer1993conductismo,
  title={Conductismo, cognitivismo y constructivismo: una comparaci{\'o}n de los aspectos cr{\'\i}ticos desde la perspectiva del dise{\~n}o de instrucci{\'o}n},
  author={Ertmer, Peggy and Newby, Timothy},
  journal={Performance improvement quarterly},
  volume={6},
  number={4},
  pages={50--72},
  year={1993}
}

@article{sampascual2001psicologia,

  journal={Madrid: Uned},
  year={2001}
}

@book{dogcurrlomce,
  title={{DECRETO 86/2015, do 25 de xuño, polo que se establece o currículo da educación secundaria obrigatoria e do bacharelato na Comunidade Autónoma de Galicia.}},
  author={{Xunta de Galicia}},
  year={2015},
  publisher={DOG nº 120/2015}
}

@Book{lomce,
  author = {{Goberno de España}},
  title = {{Lei Orgánica de Mellora da Calidade Educativa}},
  year = {2013},
  address = {Madrid},
  publisher = {{BOE nº296/2006}}
 }
